@inproceedings{HoldermansHage,
 author = {Holdermans, Stefan and Hage, Jurriaan},
 title = {Polyvariant Flow Analysis with Higher-ranked Polymorphic Types and Higher-order Effect Operators},
 DISABLEDbooktitle = {Proceedings of the 15th ACM SIGPLAN International Conference on Functional Programming},
 series = {ICFP '10},
 year = {2010},
 DISABLEDisbn = {1-60558-794-X},
 location = {Baltimore, Maryland, USA},
 pages = {63--74},
 numpages = {12},
 DISABLEDurl = {http://doi.acm.org/10.1145/1863543.1863554},
 DISABLEDdoi = {10.1145/1863543.1863554},
 DISABLEDacmid = {1863554},
 DISABLEDpublisher = {ACM},
 DISABLEDaddress = {New York, NY, USA},
 keywords = {higher-ranked polymorphism, type-based program analysis},
}

@TECHREPORT{LIX-RR-96-09,
  AUTHOR =        {Kennedy, Andrew J.},
  TITLE =         {Type Inference and Equational Theories},
  NUMBER =        {LIX-RR-96-09},
  DISABLEDINSTITUTION =   {Laboratoire D'Informatique, \'Ecole Polytechnique},
  YEAR  =         {1996},
}

@phdthesis{KennedyThesis,
 author = {Kennedy, Andrew J.},
 title = {Programming Languages and Dimensions},
 year = {1996},
 school = {University of Cambridge},
 DISABLEDpublisher = {Carnegie Mellon University},
 DISABLEDaddress = {Pittsburgh, PA, USA},
} 

@INPROCEEDINGS{Tannen,
author={Breazu-Tannen, V.},
DISABLEDbooktitle={Logic in Computer Science, 1988. LICS '88., Proceedings of the Third Annual Symposium on},
title={Combining algebra and higher-order types},
year={1988},
month={},
pages={82-90},
keywords={algebra;formal logic;programming languages;theorem proving;Church-Rosser property;algebra;equational proof systems;functional programming languages;higher-order rewrite;higher-order types;lambda calculus;many-sorted algebraic rewrite system;provability;Algebra;Calculus;Chromium;Computational modeling;Equations;Information science;Military computing;Writing},
doi={10.1109/LICS.1988.5103},
}

@incollection{Wright,
year={1991},
DISABLEDisbn={3-540-53981-6},
DISABLEDbooktitle={Fourth International Joint Conference on Theory and Practice of Software Development},
DISABLEDseries={TAPSOFT '91},
volume={494},
series={LNCS},
editor={Abramsky, Samson and Maibaum, Tom. S. E.},
title={A new technique for strictness analysis},
DISABLEDpublisher={Springer},
author={Wright, David A.},
pages={235-258},
language={English}
}

@inproceedings{Benton:2007:SEA:1190315.1190320,
 author = {Benton, Nick and Buchlovsky, Peter},
 title = {Semantics of an Effect Analysis for Exceptions},
 DISABLEDbooktitle = {Proceedings of the 2007 ACM SIGPLAN International Workshop on Types in Languages Design and Implementation},
 series = {TLDI '07},
 year = {2007},
 DISABLEDisbn = {1-59593-393-X},
 location = {Nice, Nice, France},
 pages = {15--26},
 numpages = {12},
 DISABLEDurl = {http://doi.acm.org/10.1145/1190315.1190320},
 DISABLEDdoi = {10.1145/1190315.1190320},
 acmid = {1190320},
 DISABLEDpublisher = {ACM},
 DISABLEDaddress = {New York, NY, USA},
 keywords = {denotational semantics, effect systems, exceptions, optimizing compilation, partial equivalence relations, program analysis, types},
}

@inproceedings{Launchbury:1993:NSL:158511.158618,
 author = {Launchbury, John},
 title = {A natural semantics for lazy evaluation},
 DISABLEDbooktitle = {Proceedings of the 20th ACM SIGPLAN-SIGACT symposium on Principles of programming languages},
 series = {POPL '93},
 year = {1993},
 DISABLEDisbn = {0-89791-560-7},
 location = {Charleston, South Carolina, USA},
 pages = {144--154},
 numpages = {11},
 DISABLEDurl = {http://doi.acm.org/10.1145/158511.158618},
 DISABLEDdoi = {10.1145/158511.158618},
 acmid = {158618},
 DISABLEDpublisher = {ACM},
 DISABLEDaddress = {New York, NY, USA},
} 

@article{pottier-ic-01,
  author = {Fran√ßois Pottier},
  title = {Simplifying subtyping constraints: a theory},
  journal = {Information \& Computation},
  DISABLEDurl = {http://gallium.inria.fr/~fpottier/publis/fpottier-ic01.ps.gz},
  off = {http://dx.doi.org/10.1006/inco.2001.2963},
  month = nov,
  year = {2001},
  volume = {170},
  number = {2},
  pages = {153--183},
  abstract = {This paper offers a theoretical study of constraint
                 simplification, a fundamental issue for the designer of
                 a practical type inference system with subtyping.\par
                 In the simpler case where constraints are equations, a
                 simple isomorphism between constrained type schemes and
                 finite state automata yields a complete constraint
                 simplification method. Using it as a guide for the
                 intuition, we move on to the case of subtyping, and
                 describe several simplification algorithms. Although no
                 longer complete, they are conceptually simple,
                 efficient, and very effective in practice.\par Overall,
                 this paper gives a concise theoretical account of the
                 techniques found at the core of our type inference
                 system. Our study is restricted to the case where
                 constraints are interpreted in a non-structural lattice
                 of regular terms. Nevertheless, we highlight a small
                 number of general ideas, which explain our algorithms
                 at a high level and may be applicable to a variety of
                 other systems.}
}

@article{Pottier:2000:VCT:763845.763849,
 author = {Pottier, Fran\c{c}ois},
 title = {A versatile constraint-based type inference system},
 journal = {Nordic J. of Computing},
 issue_date = {Winter 2000},
 volume = {7},
 number = {4},
 month = dec,
 year = {2000},
 DISABLEDissn = {1236-6064},
 pages = {312--347},
 numpages = {36},
 DISABLEDurl = {http://dl.acm.org/citation.cfm?id=763845.763849},
 acmid = {763849},
 DISABLEDpublisher = {Publishing Association Nordic Journal of Computing},
 DISABLEDaddress = {Finland},
 keywords = {conditional constraints, constraint-based type inference, rows, subtyping},
} 

@article{Leroy:2000:TAU:349214.349230,
 author = {Leroy, Xavier and Pessaux, Fran\c{c}ois},
 title = {Type-based analysis of uncaught exceptions},
 journal = {ACM TOPLAS},
 issue_date = {March 2000},
 volume = {22},
 number = {2},
 month = mar,
 year = {2000},
 DISABLEDissn = {0164-0925},
 pages = {340--377},
 numpages = {38},
 DISABLEDurl = {http://doi.acm.org/10.1145/349214.349230},
 DISABLEDdoi = {10.1145/349214.349230},
 acmid = {349230},
 DISABLEDpublisher = {ACM},
 DISABLEDaddress = {New York, NY, USA},
 keywords = {SML, caml, exceptions, polymorphism, rows, static debugging, type and effect systems, type inference},
} 

@inproceedings{PeytonJones:1999:SIE:301618.301637,
 author = {Peyton Jones, Simon and Reid, Alastair and Henderson, Fergus and Hoare, Tony and Marlow, Simon},
 title = {A semantics for imprecise exceptions},
 DISABLEDbooktitle = {Proceedings of the ACM SIGPLAN 1999 Conference on Programming Language Design and Implementation},
 series = {PLDI '99},
 year = {1999},
 DISABLEDisbn = {1-58113-094-5},
 location = {Atlanta, Georgia, USA},
 DISABLEDpages = {25--36},
 numpages = {12},
 DISABLEDurl = {http://doi.acm.org/10.1145/301618.301637},
 DISABLEDdoi = {10.1145/301618.301637},
 acmid = {301637},
 DISABLEDpublisher = {ACM},
 DISABLEDaddress = {New York, NY, USA},
}

@ARTICLE{Milner78atheory,
    author = {Robin Milner},
    title = {A theory of type polymorphism in programming},
    journal = {Journal of Computer and System Sciences},
    year = {1978},
    volume = {17},
    pages = {348--375}
}

@misc{Haskell98,
    author = {{Peyton Jones}, Simon and Hughes, John and Augustsson, Lennart and Barton, Dave and Boutel, Brian and Burton, Warren and Fasel, Joseph and Hammond, Kevin and Hinze, Ralf and Hudak, Paul and Johnsson, Thomas and Jones, Mark and Launchbury, John and Meijer, Erik and Peterson, John and Reid, Alastair and Runciman, Colin and Wadler, Philip},
    citeulike-article-id = {4034405},
    comment = {Available from \url{http://www.haskell.org/onlinereport/}},
    keywords = {file-import-09-02-11, postdoc\_bib},
    posted-at = {2009-02-11 10:55:50},
    priority = {2},
    title = {{The Haskell 98 Report}},
    year = {1999}
}

@book{Nielson:1999:PPA:555142,
 author = {Nielson, Flemming and Nielson, Hanne R. and Hankin, Chris},
 title = {Principles of Program Analysis},
 year = {1999},
 DISABLEDisbn = {3540654100},
 DISABLEDpublisher = {Springer-Verlag New York, Inc.},
 DISABLEDaddress = {Secaucus, NJ, USA},
}

@MISC{Freeman94refinementtypes,
    author = {Tim Freeman},
    title = {Refinement types for {ML}},
    year = {1994}
}

@book{DBLP:books/others/tree1984,
  author    = {Ferenc G{\'e}cseg and
               Magnus Steinby},
  title     = {Tree Automata},
  DISABLEDpublisher = {Akad{\'e}niai Kiad{\'o}, Budapest, Hungary},
  year      = {1984},
  DISABLEDisbn      = {963-05-3170-4},
  bibsource = {DBLP, http://dblp.uni-trier.de}
}

@MISC{Mitchell,
    author = {Neil Mitchell},
    title = {Transformation and Analysis of Functional Programs},
    year = {}
}

@inproceedings{DBLP:conf/sfp/MitchellR05,
  author    = {Neil Mitchell and
               Colin Runciman},
  title     = {A static checker for safe pattern matching in {H}askell},
  DISABLEDbooktitle = {Trends in Functional Programming},
  year      = {2005},
  pages     = {15-30},
  crossref  = {DBLP:conf/sfp/2005},
  bibsource = {DBLP, http://dblp.uni-trier.de}
}

@inproceedings{Mitchell:2008:PBE:1411286.1411293,
 author = {Mitchell, Neil and Runciman, Colin},
 title = {Not all patterns, but enough: an automatic verifier for partial but sufficient pattern matching},
 DISABLEDbooktitle = {Proceedings of the first ACM SIGPLAN symposium on Haskell},
 series = {Haskell '08},
 year = {2008},
 DISABLEDisbn = {1-60558-064-3},
 location = {Victoria, BC, Canada},
 pages = {49--60},
 numpages = {12},
 DISABLEDurl = {http://doi.acm.org/10.1145/1411286.1411293},
 DISABLEDdoi = {10.1145/1411286.1411293},
 acmid = {1411293},
 DISABLEDpublisher = {ACM},
 DISABLEDaddress = {New York, NY, USA},
 keywords = {automatic verification, functional programming, haskell, pattern-match errors, preconditions},
} 

@proceedings{DBLP:conf/sfp/2005,
  editor    = {Marko C. J. D. van Eekelen},
  title     = {Revised Selected Papers from the Sixth Symposium on Trends
               in Functional Programming, TFP 2005, Tallinn, Estonia, 23-24
               September 2005},
  DISABLEDbooktitle = {Trends in Functional Programming},
  DISABLEDpublisher = {Intellect},
  series    = {Trends in Functional Programming},
  volume    = {6},
  year      = {2007},
  DISABLEDisbn      = {978-1-84150-176-5},
  bibsource = {DBLP, http://dblp.uni-trier.de}
}

@INPROCEEDINGS{Xu09staticcontract,
    author = {Dana N. Xu and Simon Peyton Jones and Koen Claessen},
    title = {Static Contract Checking for {Haskell}},
    DISABLEDbooktitle = {In Proceedings of the 36 th Annual ACM Symposium on the Principles of Programming Languages},
    series = {POPL '09},
    year = {2009},
    pages = {41--52},
    DISABLEDpublisher = {ACM}
}

@inproceedings{Findler:2002:CHF:581478.581484,
 author = {Findler, Robert Bruce and Felleisen, Matthias},
 title = {Contracts for higher-order functions},
 DISABLEDbooktitle = {Proceedings of the seventh ACM SIGPLAN international conference on Functional programming},
 series = {ICFP~'02},
 year = {2002},
 DISABLEDisbn = {1-58113-487-8},
 location = {Pittsburgh, PA, USA},
 pages = {48--59},
 numpages = {12},
 DISABLEDurl = {http://doi.acm.org/10.1145/581478.581484},
 DISABLEDdoi = {10.1145/581478.581484},
 acmid = {581484},
 DISABLEDpublisher = {ACM},
 DISABLEDaddress = {New York, NY, USA},
 keywords = {behavioral specifications, contracts, higher-order functions, predicate typing, solfware reliability},
}

@INPROCEEDINGS{Xi98dependenttypes,
    author = {Hongwei Xi and Dana Scott},
    title = {Dependent Types in Practical Programming},
    DISABLEDbooktitle = {In Proceedings of ACM SIGPLAN Symposium on Principles of Programming Languages},
    series = {POPL '98},
    year = {1998},
    pages = {214--227},
    DISABLEDpublisher = {ACM Press}
}

@article{DBLP:journals/jfp/Maranget07,
  author    = {Luc Maranget},
  title     = {Warnings for pattern matching},
  journal   = {J. Funct. Program.},
  volume    = {17},
  number    = {3},
  year      = {2007},
  pages     = {387-421},
  ee        = {http://dx.doi.org/10.1017/S0956796807006223},
  bibsource = {DBLP, http://dblp.uni-trier.de}
}

@article{Odersky:1999:TIC:308181.308203,
 author = {Odersky, Martin and Sulzmann, Martin and Wehr, Martin},
 title = {Type inference with constrained types},
 journal = {Theor. Pract. Object Syst.},
 issue_date = {Jan. 1999},
 volume = {5},
 number = {1},
 month = jan,
 year = {1999},
 DISABLEDissn = {1074-3227},
 pages = {35--55},
 numpages = {21},
 DISABLEDurl = {http://dx.doi.org/10.1002/(SICI)1096-9942(199901/03)5:1<35::AID-TAPO4>3.0.CO;2-4},
 DISABLEDdoi = {10.1002/(SICI)1096-9942(199901/03)5:1<35::AID-TAPO4>3.0.CO;2-4},
 acmid = {308203},
 DISABLEDpublisher = {John Wiley \& Sons, Inc.},
 DISABLEDaddress = {New York, NY, USA},
} 

@article{DBLP:journals/entcs/HageH09,
  author    = {Jurriaan Hage and
               Bastiaan Heeren},
  title     = {Strategies for Solving Constraints in Type and Effect Systems},
  journal   = {Electr. Notes Theor. Comput. Sci.},
  volume    = {236},
  year      = {2009},
  pages     = {163-183},
  ee        = {http://dx.doi.org/10.1016/j.entcs.2009.03.021},
  bibsource = {DBLP, http://dblp.uni-trier.de}
}

@TECHREPORT{Pierce91programmingwith,
    author = {Benjamin C. Pierce},
    title = {Programming with Intersection Types and Bounded Polymorphism},
    institution = {},
    year = {1991}
}

@TECHREPORT{Reynolds96designof,
    author = {John C. Reynolds},
    title = {Design of the Programming Language Forsythe},
    institution = {},
    year = {1996}
}

@phdthesis{Shivers:1991:CAH:124950,
 author = {Shivers, Olin G.},
 title = {Control-Flow Analysis of Higher-Order Languages},
 year = {1991},
 DISABLEDnote = {Available as CMU Technical Report CMU-CS-91-145},
 school = {Carnegie Mellon University},
 DISABLEDaddress = {Pittsburgh, PA, USA},
} 

@phdthesis{Girard1972,
 author = {Girard, Jean-Yves},
 year = {1972},
 title = {Interpr{\'e}tation fonctionnelle et {\'e}limination des coupures de l'arithm{\'e}tique d'ordre sup{\'e}rieur},
 DISABLEDschool = {Universit{\'e} Paris 7}
}

@INPROCEEDINGS{aiken,
    author = {A. Aiken},
    title = {Introduction to Set Constraint-Based Program Analysis},
    DISABLEDbooktitle = {Science of Computer Programming},
    year = {1999},
    pages = {79--111},
}

@INPROCEEDINGS{Heintze94setconstraints,
    author = {Nevin Heintze and Joxan Jaffar},
    title = {Set Constraints and Set-Based Analysis},
    DISABLEDbooktitle = {In Proceedings of the Workshop on Principles and Practice of Constraint Programming, LNCS 874},
    year = {1994},
    pages = {281--298},
    DISABLEDpublisher = {Springer-Verlag}
}

@inbook{Pierce:2002:TPL:509043,
 author = {Pierce, Benjamin C.},
 title = {Types and programming languages},
 year = {2002},
 DISABLEDisbn = {0-262-16209-1},
 DISABLEDpublisher = {MIT Press},
 DISABLEDaddress = {Cambridge, MA,  USA},
 chapter = {22.3: Constraint-Based Typing}
}

@inproceedings{Dussart:1995:PRS:647163.717680,
 author = {Dussart, Dirk and Henglein, Fritz and Mossin, Christian},
 title = {Polymorphic Recursion and Subtype Qualifications: Polymorphic Binding-Time Analysis in Polynomial Time},
 DISABLEDbooktitle = {Proceedings of the Second International Symposium on Static Analysis},
 series = {SAS '95},
 year = {1995},
 DISABLEDisbn = {3-540-60360-3},
 pages = {118--135},
 numpages = {18},
 DISABLEDurl = {http://dl.acm.org/citation.cfm?id=647163.717680},
 acmid = {717680},
 DISABLEDpublisher = {Springer-Verlag},
 DISABLEDaddress = {London, UK, UK},
}

@inproceedings{Tofte:1994:ITC:174675.177855,
 author = {Tofte, Mads and Talpin, Jean-Pierre},
 title = {Implementation of the typed call-by-value \mbox{$\lambda$-calculus} using a stack of regions},
 DISABLEDbooktitle = {Proceedings of the 21st ACM SIGPLAN-SIGACT Symposium on Principles of Programming Languages},
 series = {POPL '94},
 year = {1994},
 DISABLEDisbn = {0-89791-636-0},
 location = {Portland, Oregon, USA},
 DISABLEDpages = {188--201},
 numpages = {14},
 DISABLEDurl = {http://doi.acm.org/10.1145/174675.177855},
 DISABLEDdoi = {10.1145/174675.177855},
 acmid = {177855},
 DISABLEDpublisher = {ACM},
 DISABLEDaddress = {New York, NY, USA},
}

@article{Rittri:1994:STT:194679.194683,
 author = {Rittri, Mikael},
 title = {Semi-unification of Two Terms in Abelian Groups},
 journal = {Information Processing Letters},
 issue_date = {Oct. 28, 1994},
 volume = {52},
 number = {2},
 month = oct,
 year = {1994},
 DISABLEDissn = {0020-0190},
 pages = {61--68},
 numpages = {8},
 DISABLEDurl = {http://dx.doi.org/10.1016/0020-0190(94)00127-8},
 DISABLEDdoi = {10.1016/0020-0190(94)00127-8},
 acmid = {194683},
 DISABLEDpublisher = {Elsevier North-Holland, Inc.},
 address = {Amsterdam, The Netherlands, The Netherlands},
 keywords = {Abelian groups, compilers, dimension types, equational semi-unification, polymorphic recursion, programming languages},
} 

@inproceedings{Rittri:1995:DIU:224164.224197,
 author = {Rittri, Mikael},
 title = {Dimension inference under polymorphic recursion},
 DISABLEDbooktitle = {Proceedings of the Seventh International Conference on Functional Programming Languages and Computer Architecture},
 series = {FPCA '95},
 year = {1995},
 DISABLEDisbn = {0-89791-719-7},
 location = {La Jolla, California, USA},
 pages = {147--159},
 numpages = {13},
 DISABLEDurl = {http://doi.acm.org/10.1145/224164.224197},
 DISABLEDdoi = {10.1145/224164.224197},
 acmid = {224197},
 DISABLEDpublisher = {ACM},
 DISABLEDaddress = {New York, NY, USA},
}

@article{Kfoury:1993:TRP:169701.169687,
 author = {Kfoury, Assaf J. and Tiuryn, Jerzy and Urzyczyn, Pawe{\l}},
 title = {Type reconstruction in the presence of polymorphic recursion},
 journal = {ACM TOPLAS},
 volume = {15},
 number = {2},
 DISABLEDissn = {0164-0925},
 pages = {290--311},
 numpages = {22},
 DISABLEDurl = {http://doi.acm.org/10.1145/169701.169687},
 DISABLEDdoi = {10.1145/169701.169687},
 acmid = {169687},
 DISABLEDpublisher = {ACM},
 DISABLEDaddress = {New York, NY, USA},
 keywords = {fixpoint operator, polymorphic abstraction, polymorphic recursion, semiunification},
}

@article{Henglein:1993:TIP:169701.169692,
 author = {Henglein, Fritz},
 title = {Type inference with polymorphic recursion},
 journal = {ACM TOPLAS},
 issue_date = {April 1993},
 volume = {15},
 number = {2},
 month = apr,
 year = {1993},
 DISABLEDissn = {0164-0925},
 pages = {253--289},
 numpages = {37},
 DISABLEDurl = {http://doi.acm.org/10.1145/169701.169692},
 DISABLEDdoi = {10.1145/169701.169692},
 acmid = {169692},
 DISABLEDpublisher = {ACM},
 DISABLEDaddress = {New York, NY, USA},
 keywords = {polymorphism, recursion, semiunification, type inference},
}

@inproceedings{Vytiniotis:2013:HHL:2429069.2429121,
 author = {Vytiniotis, Dimitrios and Peyton Jones, Simon and Claessen, Koen and Ros{\'e}n, Dan},
 title = {{HALO}: {H}askell to Logic through Denotational Semantics},
 DISABLEDbooktitle = {Proceedings of the 40th annual ACM SIGPLAN-SIGACT symposium on Principles of programming languages},
 series = {POPL '13},
 year = {2013},
 DISABLEDisbn = {978-1-4503-1832-7},
 location = {Rome, Italy},
 pages = {431--442},
 numpages = {12},
 DISABLEDurl = {http://doi.acm.org/10.1145/2429069.2429121},
 DISABLEDdoi = {10.1145/2429069.2429121},
 acmid = {2429121},
 DISABLEDpublisher = {ACM},
 DISABLEDaddress = {New York, NY, USA},
 keywords = {first-order logic, static contract checking},
} 

@article{Xi:2007:DMA:1230756.1230759,
 author = {Xi, Hongwei},
 title = {{Dependent ML}: An approach to practical programming with dependent types},
 journal = {J. Funct. Program.},
 issue_date = {March 2007},
 volume = {17},
 number = {2},
 month = mar,
 year = {2007},
 DISABLEDissn = {0956-7968},
 pages = {215--286},
 numpages = {72},
 DISABLEDurl = {http://dx.doi.org/10.1017/S0956796806006216},
 DISABLEDdoi = {10.1017/S0956796806006216},
 acmid = {1230759},
 DISABLEDpublisher = {Cambridge University Press},
 DISABLEDaddress = {New York, NY, USA},
} 

@inproceedings{Freeman:1991:RTM:113445.113468,
 author = {Freeman, Tim and Pfenning, Frank},
 title = {Refinement types for {ML}},
 DISABLEDbooktitle = {Proceedings of the ACM SIGPLAN 1991 conference on Programming language design and implementation},
 series = {PLDI '91},
 year = {1991},
 DISABLEDisbn = {0-89791-428-7},
 location = {Toronto, Ontario, Canada},
 pages = {268--277},
 numpages = {10},
 DISABLEDurl = {http://doi.acm.org/10.1145/113445.113468},
 DISABLEDdoi = {10.1145/113445.113468},
 acmid = {113468},
 DISABLEDpublisher = {ACM},
 DISABLEDaddress = {New York, NY, USA},
}

@inproceedings{Xu:2009:SCC:1480881.1480889,
 author = {Xu, Dana N. and Peyton Jones, Simon and Claessen, Koen},
 title = {Static contract checking for {Haskell}},
 DISABLEDbooktitle = {Proceedings of the 36th annual ACM SIGPLAN-SIGACT symposium on Principles of programming languages},
 series = {POPL '09},
 year = {2009},
 DISABLEDisbn = {978-1-60558-379-2},
 location = {Savannah, GA, USA},
 pages = {41--52},
 numpages = {12},
 DISABLEDurl = {http://doi.acm.org/10.1145/1480881.1480889},
 DISABLEDdoi = {10.1145/1480881.1480889},
 acmid = {1480889},
 DISABLEDpublisher = {ACM},
 DISABLEDaddress = {New York, NY, USA},
 keywords = {contract satisfaction, static contract checking},
}

@inproceedings{Xu:2006:ESC:1159842.1159849,
 author = {Xu, Dana N.},
 title = {Extended static checking for {Haskell}},
 DISABLEDbooktitle = {Proceedings of the 2006 ACM SIGPLAN workshop on Haskell},
 series = {Haskell '06},
 year = {2006},
 DISABLEDisbn = {1-59593-489-8},
 location = {Portland, Oregon, USA},
 pages = {48--59},
 numpages = {12},
 DISABLEDurl = {http://doi.acm.org/10.1145/1159842.1159849},
 DISABLEDdoi = {10.1145/1159842.1159849},
 acmid = {1159849},
 DISABLEDpublisher = {ACM},
 DISABLEDaddress = {New York, NY, USA},
 keywords = {counterexample guided unrolling, pre/postcondition, symbolic simplification},
}

@article{Knowles:2010:HTC:1667048.1667051,
 author = {Knowles, Kenneth and Flanagan, Cormac},
 title = {Hybrid type checking},
 journal = {ACM TOPLAS},
 issue_date = {January 2010},
 volume = {32},
 number = {2},
 month = feb,
 year = {2010},
 DISABLEDissn = {0164-0925},
 pages = {6:1--6:34},
 articleno = {6},
 numpages = {34},
 DISABLEDurl = {http://doi.acm.org/10.1145/1667048.1667051},
 DISABLEDdoi = {10.1145/1667048.1667051},
 acmid = {1667051},
 DISABLEDpublisher = {ACM},
 DISABLEDaddress = {New York, NY, USA},
 keywords = {Type systems, contracts, dynamic checking, static checking},
}

@inproceedings{Aiken:1993:TIC:165180.165188,
 author = {Aiken, Alexander and Wimmers, Edward L.},
 title = {Type Inclusion Constraints and Type Inference},
 DISABLEDbooktitle = {Proceedings of the Conference on Functional Programming Languages and Computer Architecture},
 series = {FPCA '93},
 year = {1993},
 DISABLEDisbn = {0-89791-595-X},
 location = {Copenhagen, Denmark},
 pages = {31--41},
 numpages = {11},
 DISABLEDurl = {http://doi.acm.org/10.1145/165180.165188},
 DISABLEDdoi = {10.1145/165180.165188},
 acmid = {165188},
 DISABLEDpublisher = {ACM},
 DISABLEDaddress = {New York, NY, USA},
}

@inproceedings{Aiken:1994:STC:174675.177847,
 author = {Aiken, Alexander and Wimmers, Edward L. and Lakshman, T. K.},
 title = {Soft typing with conditional types},
 DISABLEDbooktitle = {Proceedings of the 21st ACM SIGPLAN-SIGACT symposium on Principles of programming languages},
 series = {POPL '94},
 year = {1994},
 DISABLEDisbn = {0-89791-636-0},
 location = {Portland, Oregon, USA},
 pages = {163--173},
 numpages = {11},
 DISABLEDurl = {http://doi.acm.org/10.1145/174675.177847},
 DISABLEDdoi = {10.1145/174675.177847},
 acmid = {177847},
 DISABLEDpublisher = {ACM},
 DISABLEDaddress = {New York, NY, USA},
}

@inproceedings{Rondon:2008:LT:1375581.1375602,
 author = {Rondon, Patrick M. and Kawaguci, Ming and Jhala, Ranjit},
 title = {Liquid types},
 DISABLEDbooktitle = {Proceedings of the 2008 ACM SIGPLAN conference on Programming language design and implementation},
 series = {PLDI '08},
 year = {2008},
 DISABLEDisbn = {978-1-59593-860-2},
 location = {Tucson, AZ, USA},
 pages = {159--169},
 numpages = {11},
 DISABLEDurl = {http://doi.acm.org/10.1145/1375581.1375602},
 DISABLEDdoi = {10.1145/1375581.1375602},
 acmid = {1375602},
 DISABLEDpublisher = {ACM},
 DISABLEDaddress = {New York, NY, USA},
 keywords = {dependent types, hindley-milner, predicate abstraction, type inference},
}

@inproceedings{Glynn:2002:EAN:581478.581488,
 author = {Glynn, Kevin and Stuckey, Peter J. and Sulzmann, Martin and S{\o}ndergaard, Harald},
 title = {Exception analysis for non-strict languages},
 DISABLEDbooktitle = {Proceedings of the seventh ACM SIGPLAN international conference on Functional programming},
 series = {ICFP '02},
 year = {2002},
 DISABLEDisbn = {1-58113-487-8},
 location = {Pittsburgh, PA, USA},
 DISABLEDpages = {98--109},
 numpages = {12},
 DISABLEDurl = {http://doi.acm.org/10.1145/581478.581488},
 DISABLEDdoi = {10.1145/581478.581488},
 acmid = {581488},
 DISABLEDpublisher = {ACM},
 DISABLEDaddress = {New York, NY, USA},
 keywords = {Boolean constraints, effect systems, exceptions, non-strict functional programming languages, type inference},
}

@INPROCEEDINGS{Guzman94anextended,
    author = {Juan Carlos Guzm{\'a}n and Asc{\'a}nder Su{\'a}rez},
    title = {An Extended Type System for Exceptions},
    DISABLEDbooktitle = {Proceedings of the ACM SIGPLAN Workshop on ML and its Applications},
    series = {ML~'94},
    year = {1994},
    pages = {127--135}
}

@incollection{kyi,
  year={1994},
  DISABLEDisbn={3-540-58485-4},
  DISABLEDbooktitle={Static Analysis},
  volume={864},
  series={LNCS},
  editor={Charlier, Baudouin},
  DISABLEDdoi = {10.1007/3-540-58485-4_44},
  title={Compile-time detection of uncaught exceptions in {Standard ML} programs},
  DISABLEDpublisher={Springer},
  author={Yi, Kwangkeun},
  pages={238-254}
}

@inproceedings{Lindahl:2006:PTI:1140335.1140356,
 author = {Lindahl, Tobias and Sagonas, Konstantinos},
 title = {Practical type inference based on success typings},
 DISABLEDbooktitle = {Proceedings of the 8th ACM SIGPLAN international conference on Principles and practice of declarative programming},
 series = {PPDP '06},
 year = {2006},
 DISABLEDisbn = {1-59593-388-3},
 location = {Venice, Italy},
 pages = {167--178},
 numpages = {12},
 DISABLEDurl = {http://doi.acm.org/10.1145/1140335.1140356},
 DISABLEDdoi = {10.1145/1140335.1140356},
 acmid = {1140356},
 DISABLEDpublisher = {ACM},
 DISABLEDaddress = {New York, NY, USA},
 keywords = {Erlang, constraint-based type inference, subtyping, success typings},
}

@inproceedings{DBLP:conf/ifip/Reynolds68,
  author    = {John C. Reynolds},
  title     = {Automatic computation of data set definitions},
  DISABLEDbooktitle = {IFIP Congress (1)},
  year      = {1968},
  pages     = {456-461},
  bibsource = {DBLP, http://dblp.uni-trier.de}
}

@inproceedings{Shivers:1988:CFA:53990.54007,
 author = {Shivers, O.},
 title = {Control flow analysis in {Scheme}},
 DISABLEDbooktitle = {Proceedings of the ACM SIGPLAN 1988 conference on Programming Language design and Implementation},
 series = {PLDI '88},
 year = {1988},
 DISABLEDisbn = {0-89791-269-1},
 location = {Atlanta, Georgia, USA},
 pages = {164--174},
 numpages = {11},
 DISABLEDurl = {http://doi.acm.org/10.1145/53990.54007},
 DISABLEDdoi = {10.1145/53990.54007},
 acmid = {54007},
 DISABLEDpublisher = {ACM},
 DISABLEDaddress = {New York, NY, USA},
}

@inproceedings{Heintze:1994:SAM:182409.182495,
 author = {Heintze, Nevin},
 title = {Set-based analysis of {ML} programs},
 DISABLEDbooktitle = {Proceedings of the 1994 ACM conference on LISP and functional programming},
 series = {LFP '94},
 year = {1994},
 DISABLEDisbn = {0-89791-643-3},
 location = {Orlando, Florida, USA},
 pages = {306--317},
 numpages = {12},
 DISABLEDurl = {http://doi.acm.org/10.1145/182409.182495},
 DISABLEDdoi = {10.1145/182409.182495},
 acmid = {182495},
 DISABLEDpublisher = {ACM},
 DISABLEDaddress = {New York, NY, USA},
} 

@TECHREPORT{Pierce91programmingwithIUP,
    author = {Benjamin C. Pierce},
    title = {Programming With Intersection Types, Union Types, and Polymorphism},
    year = {1991}
}

@article{Amadio:1993:SRT:155183.155231,
 author = {Amadio, Roberto M. and Cardelli, Luca},
 title = {Subtyping recursive types},
 journal = {ACM TOPLAS},
 issue_date = {Sept. 1993},
 volume = {15},
 number = {4},
 month = sep,
 year = {1993},
 DISABLEDissn = {0164-0925},
 pages = {575--631},
 numpages = {57},
 DISABLEDurl = {http://doi.acm.org/10.1145/155183.155231},
 DISABLEDdoi = {10.1145/155183.155231},
 acmid = {155231},
 DISABLEDpublisher = {ACM},
 DISABLEDaddress = {New York, NY, USA},
 keywords = {coercions, lambda-calculus, partial-equivalence relations, recursive types, regular trees, subtyping, tree orderings, type equivalence, typechecking algorithm},
}

@inproceedings{Augustsson:1985:CPM:5280.5303,
 author = {Augustsson, Lennart},
 title = {Compiling pattern matching},
 DISABLEDbooktitle = {Proc. of a conference on Functional programming languages and computer architecture},
 series = {FPCA '85},
 year = {1985},
 DISABLEDisbn = {3-387-15975-4},
 location = {Nancy, France},
 pages = {368--381},
 numpages = {14},
 DISABLEDurl = {http://dl.acm.org/citation.cfm?id=5280.5303},
 acmid = {5303},
 DISABLEDpublisher = {Springer-Verlag New York, Inc.},
 DISABLEDaddress = {New York, NY, USA},
}

@inproceedings{Maranget:2008:CPM:1411304.1411311,
 author = {Maranget, Luc},
 title = {Compiling pattern matching to good decision trees},
 DISABLEDbooktitle = {Proceedings of the 2008 ACM SIGPLAN workshop on ML},
 series = {ML '08},
 year = {2008},
 DISABLEDisbn = {978-1-60558-062-3},
 DISABLEDlocation = {Victoria, BC, Canada},
 pages = {35--46},
 numpages = {12},
 DISABLEDurl = {http://doi.acm.org/10.1145/1411304.1411311},
 DISABLEDdoi = {10.1145/1411304.1411311},
 acmid = {1411311},
 DISABLEDpublisher = {ACM},
 DISABLEDaddress = {New York, NY, USA},
 keywords = {decision trees, heuristics, match compilers},
}

@article{JFP:1457464,
 author = {Talpin,Jean-Pierre and Jouvelot,Pierre},
 title = {Polymorphic type, region and effect inference},
 journal = {Journal of Functional Programming},
 volume = {2},
 number = {3},
 year = {1992},
 DISABLEDissn = {1469-7653},
 pages = {245--271},
 numpages = {27},
 DISABLEDdoi = {10.1017/S0956796800000393},
 DISABLEDURL = {http://journals.cambridge.org/article_S0956796800000393},
}

@article{Talpin:1994:TED:191349.184660,
 author = {Talpin, Jean-Pierre and Jouvelot, Pierre},
 title = {The type and effect discipline},
 journal = {Information and Computation},
 issue_date = {June 1994},
 volume = {111},
 number = {2},
 month = jun,
 year = {1994},
 DISABLEDissn = {0890-5401},
 pages = {245--296},
 numpages = {52},
 DISABLEDurl = {http://dx.doi.org/10.1006/inco.1994.1046},
 DISABLEDdoi = {10.1006/inco.1994.1046},
 acmid = {184660},
 DISABLEDpublisher = {Academic Press, Inc.},
 DISABLEDaddress = {Duluth, MN, USA},
}

@inproceedings{Abadi:1999:CCD:292540.292555,
 author = {Abadi, Mart\'{\i}n and Banerjee, Anindya and Heintze, Nevin and Riecke, Jon G.},
 title = {A core calculus of dependency},
 DISABLEDbooktitle = {Proceedings of the 26th ACM SIGPLAN-SIGACT symposium on Principles of programming languages},
 series = {POPL '99},
 year = {1999},
 DISABLEDisbn = {1-58113-095-3},
 location = {San Antonio, Texas, USA},
 pages = {147--160},
 numpages = {14},
 DISABLEDurl = {http://doi.acm.org/10.1145/292540.292555},
 DISABLEDdoi = {10.1145/292540.292555},
 acmid = {292555},
 DISABLEDpublisher = {ACM},
 DISABLEDaddress = {New York, NY, USA},
}

@techreport{Fahndrich:1998:TDE:893957,
 author = {F{\"a}hndrich, Manuel and Foster, Jeffrey and Cu, Jason and Aiken, Alexander},
 title = {Tracking down Exceptions in {Standard ML} Programs},
 year = {1998},
 source = {http://www.ncstrl.org:8900/ncstrl/servlet/search?formname=detail\&id=oai%3Ancstrlh%3Aucb%3AUCB%2F%2FCSD-98-996},
 institution = {University of California at Berkeley},
 DISABLEDaddress = {Berkeley, CA, USA},
 number = {UCB/CSD-98-996},
} 

@inproceedings{Kobayashi:2011:PAC:1993498.1993525,
 author = {Kobayashi, Naoki and Sato, Ryosuke and Unno, Hiroshi},
 title = {Predicate abstraction and {CEGAR} for higher-order model checking},
 DISABLEDbooktitle = {Proceedings of the 32nd ACM SIGPLAN conference on Programming language design and implementation},
 series = {PLDI '11},
 year = {2011},
 DISABLEDisbn = {978-1-4503-0663-8},
 location = {San Jose, California, USA},
 pages = {222--233},
 numpages = {12},
 DISABLEDurl = {http://doi.acm.org/10.1145/1993498.1993525},
 DISABLEDdoi = {10.1145/1993498.1993525},
 acmid = {1993525},
 DISABLEDpublisher = {ACM},
 DISABLEDaddress = {New York, NY, USA},
 keywords = {cegar, dependent types, higher-order model checking, predicate abstraction},
}

@incollection{NNA,
year={1997},
DISABLEDisbn={978-3-540-62503-2},
DISABLEDbooktitle={Analysis and Verification of Multiple-Agent Languages},
volume={1192},
series={LNCS},
DISABLEDeditor={Dam, Mads},
DISABLEDdoi={10.1007/3-540-62503-8_8},
title={Polymorphic subtyping for effect analysis: The static semantics},
DISABLEDurl={http://dx.doi.org/10.1007/3-540-62503-8_8},
DISABLEDpublisher={Springer},
author={Nielson, Hanne Riis and Nielson, Flemming and Amtoft, Torben},
pages={141-171}
}

@inproceedings{VanHorn:2010:AAM:1863543.1863553,
 author = {Van Horn, David and Might, Matthew},
 title = {Abstracting Abstract Machines},
 DISABLEDbooktitle = {Proceedings of the 15th ACM SIGPLAN International Conference on Functional Programming},
 series = {ICFP '10},
 year = {2010},
 DISABLEDisbn = {978-1-60558-794-3},
 DISABLEDlocation = {Baltimore, Maryland, USA},
 pages = {51--62},
 numpages = {12},
 DISABLEDurl = {http://doi.acm.org/10.1145/1863543.1863553},
 DISABLEDdoi = {10.1145/1863543.1863553},
 DISABLEDacmid = {1863553},
 DISABLEDpublisher = {ACM},
 DISABLEDaddress = {New York, NY, USA},
 keywords = {abstract interpretation, abstract machines},
} 

@TECHREPORT{Wansbrough02simplepolymorphic,
    author = {Wansbrough, Keith},
    title = {Simple Polymorphic Usage Analysis},
    institution = {},
    year = {2002}
}

@inproceedings{Vazou:2014:RTH:2628136.2628161,
 author = {Vazou, Niki and Seidel, Eric L. and Jhala, Ranjit and Vytiniotis, Dimitrios and Peyton-Jones, Simon},
 title = {Refinement Types for {Haskell}},
 DISABLEDbooktitle = {Proceedings of the 19th ACM SIGPLAN International Conference on Functional Programming},
 series = {ICFP '14},
 year = {2014},
 DISABLEDisbn = {978-1-4503-2873-9},
 DISABLEDlocation = {Gothenburg, Sweden},
 pages = {269--282},
 numpages = {14},
 DISABLEDurl = {http://doi.acm.org/10.1145/2628136.2628161},
 DISABLEDdoi = {10.1145/2628136.2628161},
 DISABLEDacmid = {2628161},
 DISABLEDpublisher = {ACM},
 DISABLEDaddress = {New York, NY, USA},
}

@inproceedings{Snyder:1990:HOE:648229.752474,
 author = {Snyder, Wayne},
 title = {Higher Order {E}-Unification},
 DISABLEDbooktitle = {Proceedings of the Tenth International Conference on Automated Deduction},
 series = {CADE '90},
 year = {1990},
 DISABLEDisbn = {3-540-52885-7},
 DISABLEDpages = {573--587},
 numpages = {15},
 DISABLEDurl = {http://dl.acm.org/citation.cfm?id=648229.752474},
 acmid = {752474},
 DISABLEDpublisher = {Springer-Verlag},
 DISABLEDaddress = {London, UK, UK},
}

@incollection{NipkowQian1991,
 year={1991},
 DISABLEDisbn={3-540-53904-2},
 DISABLEDbooktitle={Rewriting Techniques and Applications},
 volume={488},
 series={LNCS},
 editor={Book, Ronald V.},
 DISABLEDdoi={10.1007/3-540-53904-2_97},
 title={Modular higher-order {E}-unification},
 DISABLEDurl={http://dx.doi.org/10.1007/3-540-53904-2_97},
 DISABLEDpublisher={Springer},
 author={Nipkow, Tobias and Qian, Zhenyu},
 pages={200-214},
 language={English}
}

@inproceedings{Koot:2015:TEA:2678015.2682542,
 author = {Koot, Ruud and Hage, Jurriaan},
 title = {Type-based Exception Analysis for Non-strict Higher-order Functional Languages with Imprecise Exception Semantics},
 DISABLEDbooktitle = {Proceedings of the 2015 Workshop on Partial Evaluation and Program Manipulation},
 series = {PEPM '15},
 year = {2015},
 DISABLEDisbn = {978-1-4503-3297-2},
 location = {Mumbai, India},
 pages = {127--138},
 numpages = {12},
 DISABLEDurl = {http://doi.acm.org/10.1145/2678015.2682542},
 DISABLEDdoi = {10.1145/2678015.2682542},
 acmid = {2682542},
 DISABLEDpublisher = {ACM},
 DISABLEDaddress = {New York, NY, USA},
 keywords = {exception analysis, imprecise exceptions, pattern-matching, type-based program analysis},
}

@article{Hindley1969,
     jstor_articletype = {research-article},
     title = {The Principal Type-Scheme of an Object in Combinatory Logic},
     author = {Hindley, J. Roger},
     journal = {Trans. Amer. Math. Soc.},
     jstor_issuetitle = {},
     volume = {146},
     number = {},
     jstor_formatteddate = {Dec., 1969},
     pages = {29-60},
     DISABLEDurl = {http://www.jstor.org/stable/1995158},
     DISABLEDissn = {0002-9947},
     abstract = {},
     language = {English},
     year = {1969},
     DISABLEDpublisher = {American Mathematical Society},
     copyright = {Copyright ¬© 1969 American Mathematical Society},
}

@inproceedings{Damas:1982:PTF:582153.582176,
 author = {Damas, Luis and Milner, Robin},
 title = {Principal Type-schemes for Functional Programs},
 DISABLEDbooktitle = {Proceedings of the 9th ACM SIGPLAN-SIGACT Symposium on Principles of Programming Languages},
 series = {POPL '82},
 year = {1982},
 DISABLEDisbn = {0-89791-065-6},
 location = {Albuquerque, New Mexico},
 pages = {207--212},
 numpages = {6},
 DISABLEDurl = {http://doi.acm.org/10.1145/582153.582176},
 DISABELDdoi = {10.1145/582153.582176},
 acmid = {582176},
 DISABLEDpublisher = {ACM},
 DISABLEDaddress = {New York, NY, USA},
}

@incollection{Mycroft1984,
 year={1984},
 DISABLEDisbn={3-540-12925-1},
 DISABLEDbooktitle={International Symposium on Programming},
 volume={167},
 series={LNCS},
 editor={Paul, Manfred and Robinet, Bernard},
 DISABLEDdoi={10.1007/3-540-12925-1_41},
 title={Polymorphic type schemes and recursive definitions},
 DISABLEDurl={http://dx.doi.org/10.1007/3-540-12925-1_41},
 DISABLEDpublisher={Springer},
 author={Mycroft, Alan},
 pages={217-228},
 language={English}
}

@inproceedings{Kfoury:1990:USP:100216.100279,
 author = {Kfoury, Assaf J. and Tiuryn, Jerzy and Urzyczyn, Pawe{\l}},
 title = {The Undecidability of the Semi-unification Problem},
 DISABLEDbooktitle = {Proceedings of the Twenty-second Annual ACM Symposium on Theory of Computing},
 series = {STOC '90},
 year = {1990},
 DISABLEDisbn = {0-89791-361-2},
 location = {Baltimore, Maryland, USA},
 pages = {468--476},
 numpages = {9},
 DISABLEDurl = {http://doi.acm.org/10.1145/100216.100279},
 DISABLEDdoi = {10.1145/100216.100279},
 acmid = {100279},
 DISABLEDpublisher = {ACM},
 DISABLEDaddress = {New York, NY, USA},
}

@inproceedings{Lucassen:1988:PES:73560.73564,
 author = {Lucassen, John M. and Gifford, David K.},
 title = {Polymorphic Effect Systems},
 DISABLEDbooktitle = {Proceedings of the 15th ACM SIGPLAN-SIGACT Symposium on Principles of Programming Languages},
 series = {POPL '88},
 year = {1988},
 DISABLEDisbn = {0-89791-252-7},
 location = {San Diego, California, USA},
 pages = {47--57},
 numpages = {11},
 DISABLEDurl = {http://doi.acm.org/10.1145/73560.73564},
 DISABLEDdoi = {10.1145/73560.73564},
 acmid = {73564},
 DISABLEDpublisher = {ACM},
 DISABLEDaddress = {New York, NY, USA},
}

@inproceedings{Jouvelot:1991:ART:99583.99623,
 author = {Jouvelot, Pierre and Gifford, David K.},
 title = {Algebraic Reconstruction of Types and Effects},
 DISABLEDbooktitle = {Proceedings of the 18th ACM SIGPLAN-SIGACT Symposium on Principles of Programming Languages},
 series = {POPL '91},
 year = {1991},
 DISABLEDisbn = {0-89791-419-8},
 location = {Orlando, Florida, USA},
 pages = {303--310},
 numpages = {8},
 DISABLEDurl = {http://doi.acm.org/10.1145/99583.99623},
 DISABLEDdoi = {10.1145/99583.99623},
 acmid = {99623},
 DISABLEDpublisher = {ACM},
 DISABLEDaddress = {New York, NY, USA},
}

@inproceedings{Kennedy:1994:DT:645390.651419,
 author = {Kennedy, Andrew J.},
 title = {Dimension Types},
 DISABLEDbooktitle = {Proceedings of the 5th European Symposium on Programming: Programming Languages and Systems},
 series = {ESOP '94},
 year = {1994},
 DISABLEDisbn = {3-540-57880-3},
 pages = {348--362},
 numpages = {15},
 DISABLEDurl = {http://dl.acm.org/citation.cfm?id=645390.651419},
 acmid = {651419},
 DISABLEDpublisher = {Springer},
 DISABLEDaddress = {London, UK, UK},
} 

@incollection{Baaz93APTCC,
  DISABLEDpublisher = {Oxford University Press},
  title = {Note on the Existence of Most-general Semi-unifiers},
  author = {Baaz, Matthias},
  year = {1993},
  booktitle = {Arithmetic, Proof Theory and Computational Complexity},
  DISABLEDpages = {19--28},
  DISABLEDeditor = {Clote, P. and Kraj{\'i}{\v c}ek, J.},
  DISABLEDisbn = {0-19-853690-9},
}

@article{Revesz:1992:LEL:131057.131060,
 author = {R{\'e}v{\'e}sz, Gy\"{o}rgy E.},
 title = {A List-oriented Extension of the Lambda-calculus Satisfying the {Church--Rosser} Theorem},
 journal = {TCS},
 issue_date = {Feb. 3, 1992},
 volume = {93},
 number = {1},
 month = feb,
 year = {1992},
 DISABLEDissn = {0304-3975},
 pages = {75--89},
 numpages = {15},
 DISABLEDurl = {http://dx.doi.org/10.1016/0304-3975(92)90212-X},
 DISABLEDdoi = {10.1016/0304-3975(92)90212-X},
 acmid = {131060},
 DISABLEDpublisher = {Elsevier Science DISABLEDpublishers Ltd.},
 address = {Essex, UK},
} 

@MISC{Durfee97amodel,
    author = {Glenn Durfee},
    title = {A Model for a List-oriented Extension of the Lambda Calculus},
    year = {1997},
    HOWPUBLISHED = {MSc thesis, Carnegie Mellon University},
}

@inproceedings{DBLP:conf/lics/Breazu-Tannen88a,
  author    = {Val Tannen},
  title     = {Combining Algebra and Higher-Order Types},
  DISABLEDbooktitle = {Proceedings of the Third Annual Symposium on Logic in Computer Science},
  series    = {LICS '88},
  DISABLEDpages     = {82--90},
  year      = {1988},
  DISABLEDpublisher = {IEEE},
  DISABLEDisbn      = {0-8186-0853-6},
  DISABLEDurl       = {http://dx.doi.org/10.1109/LICS.1988.5103},
  DISABLEDoi       = {10.1109/LICS.1988.5103},
}

@article{BREAZUTANNEN19913,
 title = "Polymorphic rewriting conserves algebraic strong normalization",
 journal = "Theoretical Computer Science",
 volume = "83",
 number = "1",
 pages = "3 - 28",
 year = "1991",
 note = "",
 DISABLEDissn = "0304-3975",
 DISABLEDdoi = "http://dx.doi.org/10.1016/0304-3975(91)90037-3",
 DISABLEDurl = "http://www.sciencedirect.com/science/article/pii/0304397591900373",
 author = "Val Tannen and Jean Gallier",
}

@incollection{Miller1991,
 year={1991},
 DISABLEDisbn={3-540-53590-X},
 DISABLEDbooktitle={Extensions of Logic Programming},
 volume={475},
 series={LNCS},
 editor={Schroeder-Heister, Peter},
 DISABLEDdoi={10.1007/BFb0038698},
 title={A logic programming language with lambda-abstraction, function variables, and simple unification},
 DISABLEDurl={http://dx.doi.org/10.1007/BFb0038698},
 DISABLEDpublisher={Springer},
 author={Miller, Dale},
 DISABLEDpages={253-281},
 language={English}
}

@incollection{Dowek:2001:HUM:778522.778525,
 author = {Dowek, Gilles},
 title = {Higher-order Unification and Matching},
 booktitle = {Handbook of Automated Reasoning},
 DISABLEDeditor = {Robinson, Alan and Voronkov, Andrei},
 year = {2001},
 DISABLEDisbn = {0-444-50812-0},
 pages = {1009--1062},
 numpages = {54},
 DISABLEDurl = {http://dl.acm.org/citation.cfm?id=778522.778525},
 acmid = {778525},
 DISABLEDpublisher = {Elsevier Science DISABLEDpublishers},
 DISABLEDaddress = {Amsterdam, The Netherlands, The Netherlands},
}

@inproceedings{Mairson:1989:DMT:96709.96748,
 author = {Mairson, Harry G.},
 title = {Deciding {ML} Typability is Complete for Deterministic Exponential Time},
 DISABLEDbooktitle = {Proceedings of the 17th ACM SIGPLAN-SIGACT Symposium on Principles of Programming Languages},
 series = {POPL '90},
 year = {1990},
 DISABLEDisbn = {0-89791-343-4},
 location = {San Francisco, California, USA},
 pages = {382--401},
 numpages = {20},
 DISABLEDurl = {http://doi.acm.org/10.1145/96709.96748},
 DISABLEDdoi = {10.1145/96709.96748},
 acmid = {96748},
 DISABLEDpublisher = {ACM},
 DISABLEDaddress = {New York, NY, USA},
}

@inproceedings{Kfoury:1990:MTD:101856.101870,
 author = {Kfoury, Assaf J. and Tiuryn, Jerzy and Urzyczyn, Pave{\l}},
 title = {{ML} Typability is {\textsc{DEXPTIME}}-complete},
 DISABLEDbooktitle = {Proceedings of the Fifteenth Colloquium on Trees in Algebra and Programming},
 series = {CAAP '90},
 year = {1990},
 DISABLEDisbn = {0-387-52590-4},
 location = {Copenhagen, Denmark},
 pages = {206--220},
 numpages = {15},
 DISABLEDurl = {http://dl.acm.org/citation.cfm?id=101856.101870},
 acmid = {101870},
 DISABLEDpublisher = {Springer-Verlag},
 DISABLEDaddress = {New York, NY, USA},
} 

@article{stat79b,
    title = "The typed {$\lambda$}-calculus is not elementary recursive ",
    journal = "Theoretical Computer Science ",
    volume = "9",
    number = "1",
    pages = "73--81",
    year = "1979",
    note = "",
    DISABLEDissn = "0304-3975",
    DISABLEDdoi = "http://dx.doi.org/10.1016/0304-3975(79)90007-0",
    DISABLEDurl = "http://www.sciencedirect.com/science/article/pii/0304397579900070",
    author = "Statman, Richard",
    DISABLEDpublisher = {North-Holland Publishing Company},
}

@inproceedings{Faxen:1996:PPF:646912.710963,
 author = {Fax{\'e}n, Karl-Filip},
 title = {Polyvariance, Polymorphism and Flow Analysis},
 booktitle = {Selected Papers from the 5th LOMAPS Workshop},
 year = {1997},
 DISABLEDisbn = {3-540-62503-8},
 pages = {260--278},
 numpages = {19},
 DISABLEDurl = {http://dl.acm.org/citation.cfm?id=646912.710963},
 acmid = {710963},
 DISABLEDpublisher = {Springer-Verlag},
 DISABLEDaddress = {London, UK, UK},
}

@incollection{SmithWang,
 year={2000},
 DISABLEDisbn={3-540-67262-1},
 DISABLEDbooktitle={Programming Languages and Systems},
 volume={1782},
 series={LNCS},
 editor={Smolka, Gert},
 DISABLEDdoi={10.1007/3-540-46425-5_25},
 title={Polyvariant Flow Analysis with Constrained Types},
 DISABLEDurl={http://dx.doi.org/10.1007/3-540-46425-5_25},
 DISABLEDpublisher={Springer Berlin Heidelberg},
 author={Smith, Scott F. and Wang, Tiejun},
 pages={382-396},
 language={English}
}

@inproceedings{Agesen:1995:CPA:646153.679533,
 author = {Agesen, Ole},
 title = {The Cartesian Product Algorithm: Simple and Precise Type Inference Of Parametric Polymorphism},
 DISABLEDbooktitle = {Proceedings of the 9th European Conference on Object-Oriented Programming},
 series = {ECOOP '95},
 year = {1995},
 DISABLEDisbn = {3-540-60160-0},
 pages = {2--26},
 numpages = {25},
 DISABLEDurl = {http://dl.acm.org/citation.cfm?id=646153.679533},
 acmid = {679533},
 DISABLEDpublisher = {Springer-Verlag},
 DISABLEDaddress = {London, UK, UK},
 keywords = {abstract types, concrete types, inheritance, polymorphism, self, type inference},
} 

@inproceedings{Okada1989,
 author = {Okada, Mitsuhiro},
 title = {Strong Normalizability for the Combined System of the Typed Lambda Calculus and an Arbitrary Convergent Term Rewrite System},
 DISABLEDbooktitle = {Proceedings of the ACM-SIGSAM 1989 International Symposium on Symbolic and Algebraic Computation},
 series = {ISSAC '89},
 year = {1989},
 DISABLEDisbn = {0-89791-325-6},
 DISABLEDlocation = {Portland, Oregon, USA},
 pages = {357--363},
 numpages = {7},
 DISABLEDurl = {http://doi.acm.org/10.1145/74540.74582},
 DISABLEDdoi = {10.1145/74540.74582},
 acmid = {74582},
 DISABLEDpublisher = {ACM},
 DISABLEDaddress = {New York, NY, USA},
}

@article{QIAN1996401,
title = "Modular Higher-Order Equational Preunification ",
journal = "Journal of Symbolic Computation ",
volume = "22",
number = "4",
pages = "401--424",
year = "1996",
note = "",
DISABLEDissn = "0747-7171",
DISABLEDdoi = "http://dx.doi.org/10.1006/jsco.1996.0059",
DISABLEDurl = "http://www.sciencedirect.com/science/article/pii/S0747717196900590",
author = "Zhenyu Qian and Kang Wang",
abstract = "Preunification of simply typed Œª-terms with respect to the equivalence relation induced by Œ±-, Œ≤- and Œ∑-conversion and an arbitrary first-order equational theory is useful in higher-order proof and logic programming systems. In this paper we present a procedure for such preunification, which is based on three transformations and parameterized by a first-order equational unification procedure that admits free function symbols. The procedure is proved to be sound and complete, provided that the parameterizing procedure is. "
}
