@inproceedings{Holdermans:2010:PFA:1863543.1863554,
 author = {Holdermans, Stefan and Hage, Jurriaan},
 title = {Polyvariant Flow Analysis with Higher-ranked Polymorphic Types and Higher-order Effect Operators},
 booktitle = {Proceedings of the 15th ACM SIGPLAN International Conference on Functional Programming},
 series = {ICFP '10},
 year = {2010},
 isbn = {978-1-60558-794-3},
 location = {Baltimore, Maryland, USA},
 pages = {63--74},
 numpages = {12},
 url = {http://doi.acm.org/10.1145/1863543.1863554},
 doi = {10.1145/1863543.1863554},
 acmid = {1863554},
 publisher = {ACM},
 address = {New York, NY, USA},
 keywords = {higher-ranked polymorphism, type-based program analysis},
}

@TECHREPORT{LIX-RR-96-09,
  AUTHOR =        {Kennedy, Andrew J.},
  TITLE =         {Type Inference and Equational Theories},
  NUMBER =        {LIX-RR-96-09},
  INSTITUTION =   {Laboratoire D'Informatique, \'Ecole Polytechnique},
  YEAR  =         {1996},
}

